<?xml version="1.0" encoding="UTF-8"?>
<record xmlns="http://www.loc.gov/MARC21/slim" xmlns:xsi="http://www.w3.org/2001/XMLSchema-instance" xsi:schemaLocation="http://www.loc.gov/MARC21/slim http://www.loc.gov/standards/marcxml/schema/MARC21slim.xsd">
<leader>     nam a2200265 a 4500</leader>
<controlfield tag="001">002186307</controlfield>
<controlfield tag="003">NNU</controlfield>
<controlfield tag="005">20061010172446.0</controlfield>
<controlfield tag="008">941014s1921    le            000 0 ara d</controlfield>
<datafield tag="035" ind1="9" ind2=" ">
<subfield code="a">NYUb11221884</subfield>
</datafield>
<datafield tag="035" ind1=" " ind2=" ">
<subfield code="a">(CStRLIN)NYUG94-B47851</subfield>
</datafield>
<datafield tag="040" ind1=" " ind2=" ">
<subfield code="a">NNU</subfield>
<subfield code="c">NNU</subfield>
</datafield>
<datafield tag="043" ind1=" " ind2=" ">
<subfield code="a">a-tu---</subfield>
<subfield code="a">ma-----</subfield>
</datafield>
<datafield tag="066" ind1=" " ind2=" ">
<subfield code="c">(3</subfield>
</datafield>
<datafield tag="090" ind1=" " ind2=" ">
<subfield code="a">DR588</subfield>
<subfield code="b">.M36 1921</subfield>
</datafield>
<datafield tag="100" ind1="1" ind2=" ">
<subfield code="6">880-01</subfield>
<subfield code="a">Maqdisī, Jirjis al-Khūrī.</subfield>
</datafield>
<datafield tag="245" ind1="1" ind2="0">
<subfield code="6">880-02</subfield>
<subfield code="a">Aʻẓam ḥarb fī al-tārīkh wa-kayfa marrat ayyāmuhā /</subfield>
<subfield code="c">taʼlīf Jirjis al-Khūrī al-Maqdisī.</subfield>
</datafield>
<datafield tag="260" ind1=" " ind2=" ">
<subfield code="6">880-03</subfield>
<subfield code="a">Bayrūt :</subfield>
<subfield code="b">al-Maṭbaʻah al-Adabīyah,</subfield>
<subfield code="c">1921.</subfield>
</datafield>
<datafield tag="300" ind1=" " ind2=" ">
<subfield code="a">92 p. ;</subfield>
<subfield code="c">24 cm.</subfield>
</datafield>
<datafield tag="500" ind1=" " ind2=" ">
<subfield code="a">"Huwa kitāb madrasī wuḍiʻa li-ṭalabat al-tārīkh al-ḥadīth jamʻa zubdat ḥawādith al-Ḥarb al-Kubrá maʻa murāʻāt al-inṣāf fī sard al-ḥaqāʼiq wa-ʻalá uslūb sahl jadhdhāb tafhamuhu al-ʻāmmah wa- tarḍá bihi al-khāṣṣah."</subfield>
</datafield>
<datafield tag="650" ind1=" " ind2="0">
<subfield code="a">World War, 1914-1918</subfield>
<subfield code="x">Campaigns</subfield>
<subfield code="z">Turkey.</subfield>
</datafield>
<datafield tag="650" ind1=" " ind2="0">
<subfield code="a">World War, 1914-1918</subfield>
<subfield code="x">Campaigns</subfield>
<subfield code="z">Middle East.</subfield>
</datafield>
<datafield tag="880" ind1="0" ind2=" ">
<subfield code="6">100-01/</subfield>
<subfield code="a">جرجس الخوري المقدسي.</subfield>
</datafield>
<datafield tag="880" ind1="1" ind2="0">
<subfield code="6">245-02/</subfield>
<subfield code="a">اعظم حرب في التاريخ وكيف مرة ايامها /</subfield>
<subfield code="c">تأليف جرجس الخوري المقدسي.</subfield>
</datafield>
<datafield tag="880" ind1=" " ind2=" ">
<subfield code="6">260-03/</subfield>
<subfield code="a">بيروت :</subfield>
<subfield code="b">المطبعة الادبية،</subfield>
<subfield code="c">١٩٢١.</subfield>
</datafield>
<datafield tag="OWN" ind1=" " ind2=" ">
<subfield code="a">GENERAL</subfield>
</datafield>
<datafield tag="998" ind1=" " ind2=" ">
<subfield code="a">19941014</subfield>
<subfield code="d">19941014</subfield>
<subfield code="d">19941014</subfield>
<subfield code="n">NNU</subfield>
<subfield code="s">1</subfield>
<subfield code="t">c</subfield>
<subfield code="z">p</subfield>
</datafield>
<datafield tag="AVA" ind1=" " ind2=" ">
<subfield code="a">NYU50</subfield>
<subfield code="b">BOBST</subfield>
<subfield code="c">Main Collection</subfield>
<subfield code="d">DR588 .M36 1921</subfield>
<subfield code="e">unavailable</subfield>
<subfield code="t">Unavailable</subfield>
<subfield code="f">1</subfield>
<subfield code="g">1</subfield>
<subfield code="h">N</subfield>
<subfield code="i">2</subfield>
<subfield code="j">MAIN</subfield>
<subfield code="k">0</subfield>
</datafield>
</record>
